{
  "leader": "02211cam a2200433 i 4500",
  "fields": [
    {
      "001": "ocm00273031\\"
    },
    {
      "003": "OCoLC"
    },
    {
      "005": "20220706155316.0"
    },
    {
      "008": "700729s1959\\\\\\\\nyua\\\\\\\\\\\\\\\\\\\\001\\0\\eng\\\\"
    },
    {
      "010": {
        "ind1": "\\",
        "ind2": "\\",
        "subfields": [
          {
            "a": "   59005616 "
          }
        ]
      }
    },
    {
      "040": {
        "ind1": "\\",
        "ind2": "\\",
        "subfields": [
          {
            "a": "DLC"
          },
          {
            "b": "eng"
          },
          {
            "e": "rda"
          },
          {
            "c": "DLC"
          },
          {
            "d": "BTCTA"
          },
          {
            "d": "OCLCG"
          },
          {
            "d": "UKMGB"
          },
          {
            "d": "OCLCO"
          },
          {
            "d": "OCLCF"
          },
          {
            "d": "NRJ"
          },
          {
            "d": "OCLCQ"
          },
          {
            "d": "CPL"
          },
          {
            "d": "OCL"
          },
          {
            "d": "OCLCO"
          },
          {
            "d": "NKT"
          },
          {
            "d": "S3O"
          },
          {
            "d": "OCLCA"
          },
          {
            "d": "OCLCQ"
          },
          {
            "d": "OCLCO"
          },
          {
            "d": "GZM"
          },
          {
            "d": "TJC"
          },
          {
            "d": "OCLCO"
          }
        ]
      }
    },
    {
      "016": {
        "ind1": "7",
        "ind2": "\\",
        "subfields": [
          {
            "a": "011499009"
          },
          {
            "2": "Uk"
          }
        ]
      }
    },
    {
      "019": {
        "ind1": "\\",
        "ind2": "\\",
        "subfields": [
          {
            "a": "962863655"
          }
        ]
      }
    },
    {
      "035": {
        "ind1": "\\",
        "ind2": "\\",
        "subfields": [
          {
            "a": "(OCoLC)273031"
          },
          {
            "z": "(OCoLC)962863655"
          }
        ]
      }
    },
    {
      "043": {
        "ind1": "\\",
        "ind2": "\\",
        "subfields": [
          {
            "a": "n-us---"
          }
        ]
      }
    },
    {
      "050": {
        "ind1": "0",
        "ind2": "0",
        "subfields": [
          {
            "a": "HV577"
          },
          {
            "b": ".H8"
          }
        ]
      }
    },
    {
      "082": {
        "ind1": "0",
        "ind2": "0",
        "subfields": [
          {
            "a": "361.506"
          },
          {
            "b": "HUR"
          }
        ]
      }
    },
    {
      "096": {
        "ind1": "\\",
        "ind2": "\\",
        "subfields": [
          {
            "a": "HV 577 H8"
          }
        ]
      }
    },
    {
      "100": {
        "ind1": "1",
        "ind2": "\\",
        "subfields": [
          {
            "a": "Hurd, Charles,"
          },
          {
            "d": "1903-1968."
          }
        ]
      }
    },
    {
      "245": {
        "ind1": "1",
        "ind2": "4",
        "subfields": [
          {
            "a": "The compact history of the American Red Cross /"
          },
          {
            "c": "Charles Hurd ; illustrations by Gil Walker."
          }
        ]
      }
    },
    {
      "250": {
        "ind1": "\\",
        "ind2": "\\",
        "subfields": [
          {
            "a": "First edition."
          }
        ]
      }
    },
    {
      "264": {
        "ind1": "\\",
        "ind2": "1",
        "subfields": [
          {
            "a": "New York :"
          },
          {
            "b": "Hawthorn Books, Inc.,"
          },
          {
            "c": "1959."
          }
        ]
      }
    },
    {
      "300": {
        "ind1": "\\",
        "ind2": "\\",
        "subfields": [
          {
            "a": "308 pages :"
          },
          {
            "b": "illustrations ;"
          },
          {
            "c": "24 cm"
          }
        ]
      }
    },
    {
      "336": {
        "ind1": "\\",
        "ind2": "\\",
        "subfields": [
          {
            "a": "text"
          },
          {
            "b": "txt"
          },
          {
            "2": "rdacontent"
          }
        ]
      }
    },
    {
      "337": {
        "ind1": "\\",
        "ind2": "\\",
        "subfields": [
          {
            "a": "unmediated"
          },
          {
            "b": "n"
          },
          {
            "2": "rdamedia"
          }
        ]
      }
    },
    {
      "338": {
        "ind1": "\\",
        "ind2": "\\",
        "subfields": [
          {
            "a": "volume"
          },
          {
            "b": "nc"
          },
          {
            "2": "rdacarrier"
          }
        ]
      }
    },
    {
      "500": {
        "ind1": "\\",
        "ind2": "\\",
        "subfields": [
          {
            "a": "Includes index."
          }
        ]
      }
    },
    {
      "505": {
        "ind1": "0",
        "ind2": "\\",
        "subfields": [
          {
            "a": "Birth of the Idea -- One woman and her mission -- Prelude to acceptance -- First steps -- On the job -- when disaster strikes -- Publicity, propaganda and politics -- First test by war -- By authority of congressional charter -- Groping and reshaping -- Progress and programs -- War and its challenges -- Chapters come into their own -- Europe, 1917-18 -- Aftermath of glory -- The settling period -- The challenge of the depression -- Public agency or political stooge? -- The distant roll of drums -- 1941-45 -- The Deluge -- Realism and reconversion -- Roll call at 75."
          }
        ]
      }
    },
    {
      "610": {
        "ind1": "2",
        "ind2": "0",
        "subfields": [
          {
            "a": "American Red Cross"
          },
          {
            "x": "History."
          }
        ]
      }
    },
    {
      "650": {
        "ind1": "\\",
        "ind2": "0",
        "subfields": [
          {
            "a": "Red Cross and Red Crescent"
          },
          {
            "x": "History."
          }
        ]
      }
    },
    {
      "610": {
        "ind1": "2",
        "ind2": "2",
        "subfields": [
          {
            "a": "American National Red Cross"
          },
          {
            "x": "history."
          }
        ]
      }
    },
    {
      "610": {
        "ind1": "2",
        "ind2": "7",
        "subfields": [
          {
            "a": "American Red Cross."
          },
          {
            "2": "fast"
          },
          {
            "0": "(OCoLC)fst00598222"
          }
        ]
      }
    },
    {
      "650": {
        "ind1": "\\",
        "ind2": "7",
        "subfields": [
          {
            "a": "Red Cross and Red Crescent"
          },
          {
            "2": "fast"
          },
          {
            "0": "(OCoLC)fst01092073"
          }
        ]
      }
    },
    {
      "655": {
        "ind1": "\\",
        "ind2": "7",
        "subfields": [
          {
            "a": "History."
          },
          {
            "2": "fast"
          },
          {
            "0": "(OCoLC)fst01411628"
          }
        ]
      }
    },
    {
      "700": {
        "ind1": "1",
        "ind2": "\\",
        "subfields": [
          {
            "a": "Walker, Gil."
          }
        ]
      }
    },
    {
      "776": {
        "ind1": "0",
        "ind2": "8",
        "subfields": [
          {
            "i": "Online version:"
          },
          {
            "a": "Hurd, Charles, 1903-1968."
          },
          {
            "t": "Compact history of the American Red Cross."
          },
          {
            "b": "[1st ed.]."
          },
          {
            "d": "New York, Hawthorn Books [1959]"
          },
          {
            "w": "(OCoLC)573593116"
          }
        ]
      }
    },
    {
      "994": {
        "ind1": "\\",
        "ind2": "\\",
        "subfields": [
          {
            "a": "Z0"
          },
          {
            "b": "NYRVC"
          }
        ]
      }
    },
    {
      "948": {
        "ind1": "\\",
        "ind2": "\\",
        "subfields": [
          {
            "h": "NO HOLDINGS IN NYRVC - 566 OTHER HOLDINGS"
          }
        ]
      }
    },
    {
      "999": {
        "ind1": "\\",
        "ind2": "\\",
        "subfields": [
          {
            "a": "00000000013726"
          }
        ]
      }
    }
  ]
}